@book{主参考书,
    author      = "拉贝艾 and 钱德拉卡桑 and 尼科利奇",
    translator  = "周润德",
    title       = "数字集成电路——电路、系统与设计",
    edition     = 2,
    year        = 2017,
    isbn        = "978-7-121-30505-4",
    publisher   = "电子工业出版社",
    address     = "北京"
}